@inproceedings{livebench,
  title={LiveBench: A Challenging, Contamination-Free {LLM} Benchmark},
  author={Colin White and Samuel Dooley and Manley Roberts and Arka Pal and Benjamin Feuer and Siddhartha Jain and Ravid Shwartz-Ziv and Neel Jain and Khalid Saifullah and Sreemanti Dey and Shubh-Agrawal and Sandeep Singh Sandha and Siddartha Venkat Naidu and Chinmay Hegde and Yann LeCun and Tom Goldstein and Willie Neiswanger and Micah Goldblum},
  booktitle={The Thirteenth International Conference on Learning Representations},
  year={2025},
}

@article{lightman2023lets,
      title={Let's Verify Step by Step}, 
      author={Lightman, Hunter and Kosaraju, Vineet and Burda, Yura and Edwards, Harri and Baker, Bowen and Lee, Teddy and Leike, Jan and Schulman, John and Sutskever, Ilya and Cobbe, Karl},
      journal={arXiv preprint arXiv:2305.20050},
      year={2023}
}
@INPROCEEDINGS{Mishra2022Lila,
  author = {
    Swaroop Mishra 
      and Matthew Finlayson 
      and Pan Lu 
      and Leonard Tang 
      and Sean Welleck 
      and Chitta Baral 
      and Tanmay Rajpurohit 
      and Oyvind Tafjord 
      and Ashish Sabharwal 
      and Peter Clark 
      and Ashwin Kalyan},
  title = {Lila: A Unified Benchmark for Mathematical Reasoning},
  booktitle = {Proceedings of the 2022 Conference on Empirical Methods in Natural Language Processing (EMNLP)},
  year = {2022}
}